%% This BibTeX bibliography file was created using BibDesk.
%% http://bibdesk.sourceforge.net/

%% Saved with string encoding Unicode (UTF-8) 

@article{trans,
    author    = {Timotej Verbovsek},
    title     = {Estimation of Transmissivity and Hydraulic Conductivity from Specifc Capacity and Specifc Capacity Index in Dolomite Aquifers},
    journal   = {Journal of Hydrologic Engineering},
    volume   = {Volume 13},
    year      = {2008},
    month = {September}}

@article{neupauer,
    author    = {Roseanna M. Neupauer and James D. Meiss and David C. Mays},
    title     = {Chaotic Advection and Reaction During Engineered Injection and Extraction in Heterogeneous Porous Media},
    journal   = {Water Resources Research},
    volume   = {Volume 50},
    year      = {2014}}

@webpage{basics,
	Author = {North Carolina Division of Water Resources},
	Title = {Basic Hydrogeology},
	Url = {http://www.ncwater.org/education_and_technical_assistance/ground_water/hydrogeology/},
	Year = {2014}}

@webpage{advection,
	Author = {International Water Managemente Institute},
	Title = {Advection - dispersion},
	Url = {http://iwmi.dhigroup.com/solute_transport/advection.html},
	Year = {2014}}

@webpage{drum,
	Author = {Carter, Jeremy},	
	Institution = {Waterline Media, Inc},
	Title = {THE FREQUENCY SPECTRUM, INSTRUMENT RANGES, AND EQ TIPS},
	Url ={http://www.offbeat.co.uk/wp-content/uploads/2012/06/eq-chart.pdf},
	Year = {2003}}
